@book{kahn1996codebreakers,
  title={The Codebreakers: The comprehensive history of secret communication from ancient times to the internet},
  author={Kahn, David},
  year={1996},
  publisher={Simon and Schuster}
}

@misc{Gutenberg,
  title = {Gutenberg frequency research},
  howpublished = {\url{http://www3.nd.edu/~busiforc/handouts/cryptography/Letter%20Frequencies.html#Results_from_Project_Gutenberg}},
  note = {Accessed: 01-02-2016}
}
